<record><leader>00000cas a22000007a 4500</leader><controlfield tag="001">19104744</controlfield><controlfield tag="008">890206d18uu1uuuaruuu ne      0    0eng d</controlfield><datafield ind1=" " ind2=" " tag="010"><subfield code="a">sn 89051047 </subfield></datafield><datafield ind1=" " ind2=" " tag="040"><subfield code="a">ANU</subfield><subfield code="b">eng</subfield><subfield code="c">ANU</subfield><subfield code="d">OCLCQ</subfield></datafield><datafield ind1=" " ind2=" " tag="042"><subfield code="a">msc</subfield></datafield><datafield ind1="0" ind2="4" tag="245"><subfield code="a">The Locomotive-herald.</subfield></datafield><datafield ind1=" " ind2=" " tag="260"><subfield code="a">Siloam Springs, Benton County, Ark. :</subfield><subfield code="b">Butler &amp; McArthur</subfield></datafield><datafield ind1=" " ind2=" " tag="300"><subfield code="a">v.</subfield></datafield><datafield ind1=" " ind2=" " tag="588"><subfield code="a">Description based on: Vol. 10, no. 16 (May 16, 1892).</subfield></datafield><datafield ind1=" " ind2=" " tag="752"><subfield code="a">United States</subfield><subfield code="b">Arkansas</subfield><subfield code="c">Benton</subfield><subfield code="d">Siloam Springs.</subfield></datafield><datafield ind1="0" ind2="4" tag="780"><subfield code="t">Arkansas herald (Siloam Springs, Ark.)</subfield><subfield code="w">(DLC)sn 88051041</subfield></datafield><datafield ind1="0" ind2="4" tag="780"><subfield code="t">Locomotive (Siloam Springs, Ark.)</subfield><subfield code="w">(DLC)sn 89051049</subfield></datafield><datafield ind1="0" ind2="0" tag="785"><subfield code="t">Siloam Springs herald</subfield><subfield code="w">(DLC)sn 89051046</subfield></datafield></record>